% This file was created with Citavi 5.3.1.0

@book{Acemoglu.2011,
 editor = {Acemoglu, Daron and Woodford, Michael},
 year = {2011},
 title = {NBER macroeconomics annual 2010},
 address = {Chicago},
 publisher = {{Univ. of Chicago Pr}},
 isbn = {0-226-00213-6}
}


@article{Afonso.2010,
 author = {Afonso and Attinasi and Catz and Checherita and Nickel and Leiner-Killinger and Maurer and Rother and Slavik and Valenta and Riet and Warmedinger and Trabandt},
 year = {2010},
 title = {Euro Area Fiscal Policies and the Crisis},
 number = {No. 109},
 journal = {ECB Occasional Paper}
}


@article{Christiano.2011,
 author = {Christiano, L. and Eichenbaum, M. and Rebelo, S.},
 year = {2011},
 title = {When Is the Government Spending Multiplier Large?},
 pages = {78--121},
 volume = {119},
 number = {No. 1},
 journal = {Journal of Political Economy}
}


@article{Coenen.2010,
 author = {Coenen, G. and Erceg, C. and Freedman, C. and Furceri, D. and Kumhof, M. and Lalonde, R. and Laxton, D. and Lind{\'e}, J. and Mourougane, A. and Muir, D. and Mursula, S. and Resende, C. and Roberts, J. and Roeger, W. and Snudden, S. and Trabandt, M. and Veld, J.},
 year = {2010},
 title = {Effects of Fiscal Stimulus in Structural Models},
 journal = {IMF Working Paper}
}


@article{CoenenG..2010,
 author = {Coenen, G. and Kilponen, J. and Trabandt, M.},
 year = {2010},
 title = {When Does Fiscal Stimulus Work?},
 number = {No. 10},
 journal = {ECB Research Bulletin}
}


@incollection{Eggertsson.2011,
 author = {Eggertsson, G. B.},
 title = {What Fiscal Policy Is Effective at Zero Interest Rates?},
 pages = {59--112},
 volume = {25},
 publisher = {{Univ. of Chicago Pr}},
 isbn = {0-226-00213-6},
 editor = {Acemoglu, Daron and Woodford, Michael},
 booktitle = {NBER macroeconomics annual 2010},
 year = {2011},
 address = {Chicago}
}


@article{Erceg.2014,
 author = {Erceg, C. and Lind{\'e}, J.},
 year = {2014},
 title = {Is there a Fiscal Free Lunch in a Liquidity Trap?},
 pages = {73--107},
 volume = {12},
 number = {1},
 journal = {Journal of the European Economic Association}
}


